@inproceedings{pasha:2014,
  title={Madamira: A fast, comprehensive tool for morphological analysis and disambiguation of arabic},
  author={Pasha, Arfath and Al-Badrashiny, Mohamed and Diab, Mona and El Kholy, Ahmed and Eskander, Ramy and Habash, Nizar and Pooleery, Manoj and Rambow, Owen and Roth, Ryan M},
  booktitle={Proceedings of the Language Resources and Evaluation Conference (LREC), Reykjavik, Iceland},
  year={2014}
}

@inproceedings{habash:2009,
  title={MADA+ TOKAN: A toolkit for Arabic tokenization, diacritization, morphological disambiguation, POS tagging, stemming and lemmatization},
  author={Habash, Nizar and Rambow, Owen and Roth, Ryan},
  booktitle={Proceedings of the 2nd International Conference on Arabic Language Resources and Tools (MEDAR), Cairo, Egypt},
  pages={102--109},
  year={2009}
}

@inproceedings{diab:2009,
  title={Second generation AMIRA tools for Arabic processing: Fast and robust tokenization, POS tagging, and base phrase chunking},
  author={Diab, Mona},
  booktitle={2nd International Conference on Arabic Language Resources and Tools},
  year={2009},
  organization={Citeseer}
}

@article{al:2013,
  title={Polyglot: Distributed word representations for multilingual nlp},
  author={Al-Rfou, Rami and Perozzi, Bryan and Skiena, Steven},
  journal={arXiv preprint arXiv:1307.1662},
  year={2013}
}

@inproceedings{zirikly:2015,
  title={Named entity recognition for arabic social media},
  author={Zirikly, Ayah and Diab, Mona},
  booktitle={Proceedings of naacl-hlt},
  pages={176--185},
  year={2015}
}

@inproceedings{belinkov:2015,
  title={Answer Selection in Arabic Community Question Answering: A Feature-Rich Approach},
  author={Belinkov, Yonatan},
  booktitle={ANLP Workshop 2015},
  pages={183},
  year={2015}
}

@misc{google:online,
  author = {Google},
  title = {Translate API - Translate API â€” Google Cloud Platform},
  howpublished = {\url{https://cloud.google.com/translate/docs}},
  month = {},
  year = {},
  note = {(Visited on 11/30/2015)}
}


@misc{bhl:online,
  author = {Big Huge Labs},
  title = {Big Huge Thesaurus: Synonyms, antonyms, and rhymes (oh my!)},
  howpublished = {\url{https://words.bighugelabs.com/}},
  month = {},
  year = {},
  note = {(Visited on 11/30/2015)}
}

@article{farghaly:2009,
  title={Arabic natural language processing: Challenges and solutions},
  author={Farghaly, Ali and Shaalan, Khaled},
  journal={ACM Transactions on Asian Language Information Processing (TALIP)},
  volume={8},
  number={4},
  pages={14},
  year={2009},
  publisher={ACM}
}


@incollection{mikolovdist:2013,
title = {Distributed Representations of Words and Phrases and their Compositionality},
author = {Mikolov, Tomas and Sutskever, Ilya and Chen, Kai and Corrado, Greg S and Dean, Jeff},
booktitle = {Advances in Neural Information Processing Systems 26},
editor = {C.J.C. Burges and L. Bottou and M. Welling and Z. Ghahramani and K.Q. Weinberger},
pages = {3111--3119},
year = {2013},
publisher = {Curran Associates, Inc.},
url = {http://papers.nips.cc/paper/5021-distributed-representations-of-words-and-phrases-and-their-compositionality.pdf}
}

@article{mikoloveffic:2013,
  title={Efficient estimation of word representations in vector space},
  author={Mikolov, Tomas and Chen, Kai and Corrado, Greg and Dean, Jeffrey},
  journal={arXiv preprint arXiv:1301.3781},
  year={2013}
}


@inproceedings{hassan:2009,
  title={Cross-lingual semantic relatedness using encyclopedic knowledge},
  author={Hassan, Samer and Mihalcea, Rada},
  booktitle={Proceedings of the 2009 Conference on Empirical Methods in Natural Language Processing: Volume 3-Volume 3},
  pages={1192--1201},
  year={2009},
  organization={Association for Computational Linguistics}
}


@inproceedings{finkelstein:2001,
  title={Placing search in context: The concept revisited},
  author={Finkelstein, Lev and Gabrilovich, Evgeniy and Matias, Yossi and Rivlin, Ehud and Solan, Zach and Wolfman, Gadi and Ruppin, Eytan},
  booktitle={Proceedings of the 10th international conference on World Wide Web},
  pages={406--414},
  year={2001},
  organization={ACM}
}


@article{miller:1991,
  title={Contextual correlates of semantic similarity},
  author={Miller, George A and Charles, Walter G},
  journal={Language and cognitive processes},
  volume={6},
  number={1},
  pages={1--28},
  year={1991},
  publisher={Taylor \& Francis}
}


@InProceedings{faruqui:2014,
  author    = {Faruqui, Manaal  and  Dyer, Chris},
  title     = {Community Evaluation and Exchange of Word Vectors at wordvectors.org},
  booktitle = {Proceedings of the 52nd Annual Meeting of the 
               Association for Computational Linguistics: System Demonstrations},
  month     = {June},
  year      = {2014},
  address   = {Baltimore, USA},
  publisher = {Association for Computational Linguistics}
}