word2vec
big thesaurus
google translate
madamira
