@inproceedings{pasha:2014,
  title={Madamira: A fast, comprehensive tool for morphological analysis and disambiguation of arabic},
  author={Pasha, Arfath and Al-Badrashiny, Mohamed and Diab, Mona and El Kholy, Ahmed and Eskander, Ramy and Habash, Nizar and Pooleery, Manoj and Rambow, Owen and Roth, Ryan M},
  booktitle={Proceedings of the Language Resources and Evaluation Conference (LREC), Reykjavik, Iceland},
  year={2014}
}


@inproceedings{dos2014deep,
  title={Deep Convolutional Neural Networks for Sentiment Analysis of Short Texts.},
  author={dos Santos, C{\'\i}cero Nogueira and Gatti, Maira},
  booktitle={COLING},
  pages={69--78},
  year={2014}
}

@inproceedings{rehurek_lrec,
        title = {{Software Framework for Topic Modelling with Large Corpora}},
        author = {Radim {\v R}eh{\r u}{\v r}ek and Petr Sojka},
        booktitle = {{Proceedings of the LREC 2010 Workshop on New
             Challenges for NLP Frameworks}},
        pages = {45--50},
        year = 2010,
        month = May,
        day = 22,
        publisher = {ELRA},
        address = {Valletta, Malta},
        note={\url{http://is.muni.cz/publication/884893/en}},
        language={English}
}

@inproceedings{habash:2009,
  title={MADA+ TOKAN: A toolkit for Arabic tokenization, diacritization, morphological disambiguation, POS tagging, stemming and lemmatization},
  author={Habash, Nizar and Rambow, Owen and Roth, Ryan},
  booktitle={Proceedings of the 2nd International Conference on Arabic Language Resources and Tools (MEDAR), Cairo, Egypt},
  pages={102--109},
  year={2009}
}

@inproceedings{diab:2009,
  title={Second generation AMIRA tools for Arabic processing: Fast and robust tokenization, POS tagging, and base phrase chunking},
  author={Diab, Mona},
  booktitle={2nd International Conference on Arabic Language Resources and Tools},
  year={2009},
  organization={Citeseer}
}

@article{al:2013,
  title={Polyglot: Distributed word representations for multilingual nlp},
  author={Al-Rfou, Rami and Perozzi, Bryan and Skiena, Steven},
  journal={arXiv preprint arXiv:1307.1662},
  year={2013}
}

@inproceedings{zirikly:2015,
  title={Named entity recognition for arabic social media},
  author={Zirikly, Ayah and Diab, Mona},
  booktitle={Proceedings of naacl-hlt},
  pages={176--185},
  year={2015}
}

@inproceedings{belinkov:2015,
  title={Answer Selection in Arabic Community Question Answering: A Feature-Rich Approach},
  author={Belinkov, Yonatan},
  booktitle={ANLP Workshop 2015},
  pages={183},
  year={2015}
}

@misc{google:online,
  author = {Google},
  title = {Translate API - Translate API â€” Google Cloud Platform},
  howpublished = {\url{https://cloud.google.com/translate/docs}},
  month = {},
  year = {2016},
  note = {(Visited on 11/30/2015)}
}


@misc{bhl:online,
  author = {Big-Huge-Labs},
  title = {Big Huge Thesaurus: Synonyms, antonyms, and rhymes (oh my!)},
  howpublished = {\url{https://words.bighugelabs.com/}},
  month = {},
  year = {2016},
  note = {(Visited on 11/30/2015)}
}

@article{farghaly:2009,
  title={Arabic natural language processing: Challenges and solutions},
  author={Farghaly, Ali and Shaalan, Khaled},
  journal={ACM Transactions on Asian Language Information Processing (TALIP)},
  volume={8},
  number={4},
  pages={14},
  year={2009},
  publisher={ACM}
}

@inproceedings{mikolov2013linguistic,
  title={Linguistic Regularities in Continuous Space Word Representations.},
  author={Mikolov, Tomas and Yih, Wen-tau and Zweig, Geoffrey},
  booktitle={HLT-NAACL},
  pages={746--751},
  year={2013}
}

@incollection{mikolovdist:2013,
title = {Distributed Representations of Words and Phrases and their Compositionality},
author = {Mikolov, Tomas and Sutskever, Ilya and Chen, Kai and Corrado, Greg S and Dean, Jeff},
booktitle = {Advances in Neural Information Processing Systems 26},
editor = {C.J.C. Burges and L. Bottou and M. Welling and Z. Ghahramani and K.Q. Weinberger},
pages = {3111--3119},
year = {2013},
publisher = {Curran Associates, Inc.},
url = {http://papers.nips.cc/paper/5021-distributed-representations-of-words-and-phrases-and-their-compositionality.pdf}
}

@misc{wiki:xxx,
   author = "Wikipedia-Meta",
   title = "Data dumps --- Meta{,} discussion about Wikimedia projects",
   year = "2016",
   url = "https://meta.wikimedia.org/w/index.php?title=Data_dumps&oldid=15500319",
   note = "[Online; accessed 5-April-2016]"
 }

@article{mikoloveffic:2013,
  title={Efficient estimation of word representations in vector space},
  author={Mikolov, Tomas and Chen, Kai and Corrado, Greg and Dean, Jeffrey},
  journal={arXiv preprint arXiv:1301.3781},
  year={2013}
}

@article{miller:1991,
  title={Contextual correlates of semantic similarity},
  author={Miller, George A and Charles, Walter G},
  journal={Language and cognitive processes},
  volume={6},
  number={1},
  pages={1--28},
  year={1991},
  publisher={Taylor \& Francis}
}

@inproceedings{pennington2014glove,
  title={Glove: Global Vectors for Word Representation.},
  author={Pennington, Jeffrey and Socher, Richard and Manning, Christopher D},
  booktitle={EMNLP},
  volume={14},
  pages={1532--1543},
  year={2014}
}

@phdthesis{ahmed2000alarge,
  title={ALarge-SCALE COMPUTATIONAL PROCESSOR OF THE ARABIC MORPHOLOGY, AND APPLICATIONS},
  author={Ahmed, Mohamed Attia Mohamed Elaraby},
  year={2000},
  school={Faculty of Engineering, Cairo University Giza, Egypt}
}

@inproceedings{hassan:2009,
  title={Cross-lingual semantic relatedness using encyclopedic knowledge},
  author={Hassan, Samer and Mihalcea, Rada},
  booktitle={Proceedings of the 2009 Conference on Empirical Methods in Natural Language Processing: Volume 3-Volume 3},
  pages={1192--1201},
  year={2009},
  organization={Association for Computational Linguistics}
}

@misc{Googl96:online,
author = {NPR},
title = {Google Book Tool Tracks Cultural Change With Words : NPR},
howpublished = {\url{http://www.npr.org/2010/12/16/132106374/google-book-tool-tracks-cultural-change-with-words}},
month = {12},
year = {2010},
note = {(Accessed on 04/04/2016)}
}

@misc{Lameen:2013,
author = {Lameen Souag},
title = {Jabal al-Lughat: Does Arabic have the most words? Don't believe the hype.},
howpublished = {\url{http://lughat.blogspot.com/2013/12/does-arabic-have-most-words-dont.html}},
month = {12},
year = {2013},
note = {(Accessed on 04/04/2016)}
}

@misc{Muhammad:2015,
author = {Muhammad Da'na},
title = {(5) How many words does the Arabic language have? - Quora},
howpublished = {\url{https://www.quora.com/How-many-words-does-the-Arabic-language-have}},
month = {12},
year = {2012},
note = {(Accessed on 04/04/2016)}
}

@inproceedings{finkelstein:2001,
  title={Placing search in context: The concept revisited},
  author={Finkelstein, Lev and Gabrilovich, Evgeniy and Matias, Yossi and Rivlin, Ehud and Solan, Zach and Wolfman, Gadi and Ruppin, Eytan},
  booktitle={Proceedings of the 10th international conference on World Wide Web},
  pages={406--414},
  year={2001},
  organization={ACM}
}

@inproceedings{luong2013better,
  title={Better Word Representations with Recursive Neural Networks for Morphology.},
  author={Luong, Thang and Socher, Richard and Manning, Christopher D},
  booktitle={CoNLL},
  pages={104--113},
  year={2013},
  organization={Citeseer}
}

@InProceedings{faruqui:2014,
  author    = {Faruqui, Manaal  and  Dyer, Chris},
  title     = {Community Evaluation and Exchange of Word Vectors at wordvectors.org},
  booktitle = {Proceedings of the 52nd Annual Meeting of the 
               Association for Computational Linguistics: System Demonstrations},
  month     = {June},
  year      = {2014},
  address   = {Baltimore, USA},
  publisher = {Association for Computational Linguistics}
}

@inproceedings{radinsky2012learning,
  title={Learning causality for news events prediction},
  author={Radinsky, Kira and Davidovich, Sagie and Markovitch, Shaul},
  booktitle={Proceedings of the 21st international conference on World Wide Web},
  pages={909--918},
  year={2012},
  organization={ACM}
}

@inproceedings{schnabel2015evaluation,
  title={Evaluation methods for unsupervised word embeddings},
  author={Schnabel, Tobias and Labutov, Igor and Mimno, David and Joachims, Thorsten},
  booktitle={Proc. of EMNLP},
  year={2015},
  organization={Citeseer}
}

@unpublished{Wei:2016,
  author = {Wei, Yifang and Singh, Lisa and Gallagher, Brian J. and Butler, David},
  title = {Overlapping Target Event and Storyline Detection of Online Newspaper Articles},
  note = {Unpublished Technical Paper},
  month = {April},
  year = {2016}
}

@misc{IraqB68:online,
  author = {Hamit Dardagan, John Sloboda},
  title = {Iraq Body Count},
  howpublished = {\url{https://www.iraqbodycount.org/database/}},
  month = {April},
  year = {2016},
  note = {(Accessed on 04/27/2016)}
}

@article{zhang2015chinese,
  title={Chinese comments sentiment classification based on word2vec and SVM perf},
  author={Zhang, Dongwen and Xu, Hua and Su, Zengcai and Xu, Yunfeng},
  journal={Expert Systems with Applications},
  volume={42},
  number={4},
  pages={1857--1863},
  year={2015},
  publisher={Elsevier}
}

@article{dickinson2015sentiment,
  title={Sentiment Analysis of Investor Opinions on Twitter},
  author={Dickinson, Brian and Hu, Wei},
  journal={Social Networking},
  volume={4},
  number={03},
  pages={62},
  year={2015},
  publisher={Scientific Research Publishing}
}

@article{wolf2014joint,
  title={Joint word2vec networks for bilingual semantic representations},
  author={Wolf, Lior and Hanani, Yair and Bar, Kfir and Dershowitz, Nachum},
  journal={International Journal of Computational Linguistics and Applications},
  volume={5},
  number={1},
  pages={27--44},
  year={2014}
}

@article{rekabsazusing,
  title={On Using Statistical Semantic on Domain Specific Information Retrieval},
  author={Rekabsaz, Navid}
}