@InProceedings{manning-EtAl:2014:P14-5,
  author    = {Manning, Christopher D. and  Surdeanu, Mihai  and  Bauer, John  and  Finkel, Jenny  and  Bethard, Steven J. and  McClosky, David},
  title     = {The {Stanford} {CoreNLP} Natural Language Processing Toolkit},
  booktitle = {Association for Computational Linguistics (ACL) System Demonstrations},
  year      = {2014},
  pages     = {55--60},
  url       = {http://www.aclweb.org/anthology/P/P14/P14-5010}
}

@article{farghaly:2009,
  title={Arabic Natural Language Processing: Challenges and Solutions},
  author={Farghaly, Ali and Shaalan, Khaled},
  journal={ACM Transactions on Asian Language Information Processing (TALIP)},
  volume={8},
  number={4},
  pages={14},
  year={2009},
  publisher={ACM}
}

@inproceedings{pasha:2014,
  title={Madamira: A Fast, Comprehensive Tool for Morphological Analysis and Disambiguation of Arabic},
  author={Pasha, Arfath and Al-Badrashiny, Mohamed and Diab, Mona and El Kholy, Ahmed and Eskander, Ramy and Habash, Nizar and Pooleery, Manoj and Rambow, Owen and Roth, Ryan M},
  booktitle={Language Resources and Evaluation Conference (LREC), Reykjavik, Iceland},
  year={2014}
}

@inproceedings{dos2014deep,
  title={Deep Convolutional Neural Networks for Sentiment Analysis of Short Texts},
  author={dos Santos, C{\'\i}cero Nogueira and Gatti, Maira},
  booktitle={COLING},
  pages={69--78},
  year={2014}
}

@inproceedings{rehurek_lrec,
        title = {{Software Framework for Topic Modelling with Large Corpora}},
        author = {Radim {\v R}eh{\r u}{\v r}ek and Petr Sojka},
        booktitle = {{LREC Workshop on New Challenges for NLP Frameworks}},
        pages = {45--50},
        year = {2010},
        month = {May},
        day = {22},
        publisher = {ELRA},
        address = {Valletta, Malta},
        note={\url{http://is.muni.cz/publication/884893/en}},
        language={English}
}

@inproceedings{habash:2009,
  title={MADA+ TOKAN: A Toolkit for Arabic Tokenization, Diacritization, Morphological Disambiguation, POS Tagging, Stemming and Lemmatization},
  author={Habash, Nizar and Rambow, Owen and Roth, Ryan},
  booktitle={Arabic Language Resources and Tools (MEDAR), Cairo, Egypt},
  pages={102--109},
  year={2009}
}

@inproceedings{diab:2009,
  title={Second Generation AMIRA Tools for Arabic Processing: Fast and Robust Tokenization, POS Tagging, and Base Phrase Chunking},
  author={Diab, Mona},
  booktitle={Arabic Language Resources and Tools},
  year={2009},
  organization={Citeseer}
}

@article{al:2013,
  title={Polyglot: Distributed Word Representations for Multilingual NLP},
  author={Al-Rfou, Rami and Perozzi, Bryan and Skiena, Steven},
  journal={arXiv preprint arXiv:1307.1662},
  year={2013}
}

@inproceedings{zirikly:2015,
  title={Named Entity Recognition for Arabic Social Media},
  author={Zirikly, Ayah and Diab, Mona},
  booktitle={Proceedings of NAACL-HLT},
  pages={176--185},
  year={2015}
}

@inproceedings{belinkov:2015,
  title={Answer Selection in Arabic Community Question Answering: A Feature-Rich Approach},
  author={Belinkov, Yonatan},
  booktitle={ANLP Workshop 2015},
  pages={183},
  year={2015}
}

@misc{google:online,
  author = {Google},
  title = {Translate API â€” Google Cloud Platform},
  howpublished = {\url{https://cloud.google.com/translate/docs}},
  year = {2016},
  note = {(Visited on 11/30/2015)}
}


@misc{bhl:online,
  author = {Big-Huge-Labs},
  title = {Big Huge Thesaurus},
  howpublished = {\url{https://words.bighugelabs.com/}},
  year = {2016},
  note = {(Visited on 11/30/2015)}
}



@inproceedings{mikolov2013linguistic,
  title={Linguistic Regularities in Continuous Space Word Representations},
  author={Mikolov, Tomas and Yih, Wen-tau and Zweig, Geoffrey},
  booktitle={HLT-NAACL},
  pages={746--751},
  year={2013}
}

@incollection{mikolovdist:2013,
title = {Distributed Representations of Words and Phrases and Their Compositionality},
author = {Mikolov, Tomas and Sutskever, Ilya and Chen, Kai and Corrado, Greg S and Dean, Jeff},
booktitle = {Advances in Neural Information Processing Systems},
editor = {C.J.C. Burges and L. Bottou and M. Welling and Z. Ghahramani and K.Q. Weinberger},
pages = {3111--3119},
year = {2013},
publisher = {Curran Associates, Inc.},
url = {http://papers.nips.cc/paper/5021-distributed-representations-of-words-and-phrases-and-their-compositionality.pdf}
}

@misc{wiki:xxx,
   author = {Wikipedia-Meta},
   title = {Data Dumps},
   year = {2016},
   howpublished = {\url{https://meta.wikimedia.org/w/index.php?title=Data_dumps&oldid=15500319}},
   note = {(Visited on 11/30/2015)}
 }

@article{mikoloveffic:2013,
  title={Efficient Estimation of Word Representations in Vector Space},
  author={Mikolov, Tomas and Chen, Kai and Corrado, Greg and Dean, Jeffrey},
  journal={arXiv preprint arXiv:1301.3781},
  year={2013}
}

@article{miller:1991,
  title={Contextual Correlates of Semantic Similarity},
  author={Miller, George A and Charles, Walter G},
  journal={Language and Cognitive Processes},
  volume={6},
  number={1},
  pages={1--28},
  year={1991},
  publisher={Taylor \& Francis}
}

@inproceedings{pennington2014glove,
  title={Glove: Global Vectors for Word Representation.},
  author={Pennington, Jeffrey and Socher, Richard and Manning, Christopher D},
  booktitle={EMNLP},
  volume={14},
  pages={1532--1543},
  year={2014}
}

@phdthesis{ahmed2000alarge,
  title={A Large-Scale Computational Processor of the Arabic Morphology, and Applications},
  author={Ahmed, Mohamed Attia Mohamed Elaraby},
  year={2000},
  school={Faculty of Engineering, Cairo University Giza, Egypt}
}

@inproceedings{hassan:2009,
  title={Cross-lingual Semantic Relatedness Using Encyclopedic Knowledge},
  author={Hassan, Samer and Mihalcea, Rada},
  booktitle={Empirical Methods in Natural Language Processing: Volume 3},
  pages={1192--1201},
  year={2009},
  organization={Association for Computational Linguistics}
}

@misc{Googl96:online,
author = {NPR},
title = {Google Book Tool Tracks Cultural Change With Words},
howpublished = {\url{http://www.npr.org/2010/12/16/132106374/google-book-tool-tracks-cultural-change-with-words}},
month = {12},
year = {2010},
note = {(Accessed on 04/04/2016)}
}

@misc{Lameen:2013,
author = {Lameen Souag},
title = {Jabal al-Lughat: Does Arabic Have the Most Words? Don't Believe the Hype},
howpublished = {\url{http://lughat.blogspot.com/2013/12/does-arabic-have-most-words-dont.html}},
month = {12},
year = {2013},
note = {(Accessed on 04/04/2016)}
}

@misc{Muhammad:2015,
author = {Muhammad Da'na},
title = {How Many Words does the Arabic Language Have?},
howpublished = {\url{https://www.quora.com/How-many-words-does-the-Arabic-language-have}},
month = {12},
year = {2012},
note = {(Accessed on 04/04/2016)}
}

@inproceedings{finkelstein:2001,
  title={Placing Search in Context: The Concept Revisited},
  author={Finkelstein, Lev and Gabrilovich, Evgeniy and Matias, Yossi and Rivlin, Ehud and Solan, Zach and Wolfman, Gadi and Ruppin, Eytan},
  booktitle={International Conference on World Wide Web},
  pages={406--414},
  year={2001},
  organization={ACM}
}

@inproceedings{luong2013better,
  title={Better Word Representations with Recursive Neural Networks for Morphology},
  author={Luong, Thang and Socher, Richard and Manning, Christopher D},
  booktitle={CoNLL},
  pages={104--113},
  year={2013},
  organization={Citeseer}
}

@InProceedings{faruqui:2014,
  author    = {Faruqui, Manaal  and  Dyer, Chris},
  title     = {Community Evaluation and Exchange of Word Vectors at wordvectors.org},
  booktitle = {Association for Computational Linguistics: System Demonstrations},
  month     = {June},
  year      = {2014},
  address   = {Baltimore, USA},
  publisher = {Association for Computational Linguistics}
}


@inproceedings{schnabel2015evaluation,
  title={Evaluation Methods for Unsupervised Word Embeddings},
  author={Schnabel, Tobias and Labutov, Igor and Mimno, David and Joachims, Thorsten},
  booktitle={Proc. of EMNLP},
  year={2015},
  organization={Citeseer}
}

@misc{IraqB68:online,
  author = {Dardagan, Hamit and Sloboda, John},
  title = {Iraq Body Count},
  howpublished = {\url{https://www.iraqbodycount.org/database/}},
  month = {April},
  year = {2016},
  note = {(Accessed on 04/27/2016)}
}

@article{zhang2015chinese,
  title={Chinese Comments Sentiment Classification Based on Word2vec and SVM Perf},
  author={Zhang, Dongwen and Xu, Hua and Su, Zengcai and Xu, Yunfeng},
  journal={Expert Systems with Applications},
  volume={42},
  number={4},
  pages={1857--1863},
  year={2015},
  publisher={Elsevier}
}

@article{dickinson2015sentiment,
  title={Sentiment Analysis of Investor Opinions on Twitter},
  author={Dickinson, Brian and Hu, Wei},
  journal={Social Networking},
  volume={4},
  number={03},
  pages={62},
  year={2015},
  publisher={Scientific Research Publishing}
}

@article{wolf2014joint,
  title={Joint Word2vec Networks for Bilingual Semantic Representations},
  author={Wolf, Lior and Hanani, Yair and Bar, Kfir and Dershowitz, Nachum},
  journal={International Journal of Computational Linguistics and Applications},
  volume={5},
  number={1},
  pages={27--44},
  year={2014}
}

